@Misc{web:econsoftware,
author = {John Kane},
title = {Econometric Software},
howpublished = {\url{http://www.oswego.edu/~economic/econsoftware.htm}}
}

@book{Jacobson,
 author = {Ivar Jacobson},
 title = {Object-Oriented Software Engineering: A Use Case Driven Approach},
 year = {2004},
 isbn = {0201403471},
 publisher = {Addison Wesley Longman Publishing Co., Inc.},
 address = {Redwood City, CA, USA},
 }


@INPROCEEDINGS{BullSmithPottageFreeman,
    author = {J. M. Bull and L. A. Smith and L. Pottage and R. Freeman},
    title = {Benchmarking Java against C and Fortran for scientific applications},
    booktitle = {In ACM 2001 Java Grande/ISCOPE Conf},
    year = {2001},
    pages = {97--105},
    publisher = {ACM Press}
}

@book{judge,
    Author = {George G. Judge and William E. Griffiths and R. Carter Hilla and Helmut LÃ¼tkepohl and Tsoung-Chao Lee},
    Title = {The Theory and Practice of Econometrics (Wiley Series in Probability and Statistics)},
    Publisher = {Wiley},
    Year = {1985},
    ISBN = {047189530X},
    URL = {http://www.amazon.com/Theory-Practice-Econometrics-Probability-Statistics/dp/047189530X%3FSubscriptionId%3D0JYN1NVW651KCA56C102%26tag%3Dws%26linkCode%3Dxm2%26camp%3D2025%26creative%3D165953%26creativeASIN%3D047189530X}
}


@article{Prechelt,
author = {Lutz Prechelt},
title = {An Empirical Comparison of Seven Programming Languages},
journal = {Computer},
volume = {33},
number = {10},
year = {2000},
issn = {0018-9162},
pages = {23-29},
doi = {http://doi.ieeecomputersociety.org/10.1109/2.876288},
publisher = {IEEE Computer Society},
address = {Los Alamitos, CA, USA},
}

@article{Janzen_Saiedian,
author = {David Janzen and Hossein Saiedian},
title = {Test-Driven Development: Concepts, Taxonomy, and Future Direction},
journal = {Computer},
volume = {38},
number = {9},
year = {2005},
issn = {0018-9162},
pages = {43-50},
doi = {http://doi.ieeecomputersociety.org/10.1109/MC.2005.314},
publisher = {IEEE Computer Society},
address = {Los Alamitos, CA, USA},
}

@inproceedings{kilov_crud,
  author    = {Haim Kilov},
  title     = {From Semantic to Object-Oriented Data Modeling},
  booktitle = {ICSI},
  year      = {1990},
  pages     = {385-393},
  crossref  = {DBLP:conf/icsi/1990},
  bibsource = {DBLP, http://dblp.uni-trier.de}
}

@proceedings{DBLP:conf/icsi/1990,
  editor    = {Peter A. Ng and
               C. V. Ramamoorthy and
               Laurence C. Seifert and
               Raymond T. Yeh},
  title     = {Proceedings of the First International Conference on Systems
               Integration, Morristown, NJ, USA, April 1990},
  booktitle = {ICSI},
  publisher = {IEEE Computer Society},
  year      = {1990},
  isbn      = {0-8186-9027-5},
  bibsource = {DBLP, http://dblp.uni-trier.de}
}

@article{Eckerson1995,
title = {Three Tier Client/Server Architecture: Achieving Scalability, Performance, and Efficiency in Client Server Applications.},
author = {Wayne W. Eckerson},
journal = {Open Information Systems},
number = {1},
volume = {10},
year = {1995},
keywords = {three-tier }
} 

@inproceedings{IeeeExperience,
        Author = {Kent Beck and Ron Crocker and Gerard Meszaros and John Vlissides and James O. Coplien and Lutz Dominick and Francis Paulisch},
        Title = {Industrial Experience in Design Patterns},
        booktitle = {Proceedings of the 18th International Conference on Software Engineering: March 25-29, 1996 Berlin, Germany},
  publisher = {IEEE Computer Society},
        Year = {1996},
        ISBN = {0818672463},
        URL = {http://www.amazon.com/Proceedings-International-Conference-Software-Engineering/dp/0818672463%3FSubscriptionId%3D0JYN1NVW651KCA56C102%26tag%3Dws%26linkCode%3Dxm2%26camp%3D2025%26creative%3D165953%26creativeASIN%3D0818672463}
    }

@article{Codd1970,
  author    = {E. F. Codd},
  title     = {A Relational Model of Data for Large Shared Data Banks},
  journal   = {Commun. ACM},
  volume    = {13},
  number    = {6},
  year      = {1970},
  pages     = {377-387},
  ee        = {db/journals/cacm/Codd70.html, http://doi.acm.org/10.1145/362384.362685},
  bibsource = {DBLP, http://dblp.uni-trier.de}
}


@Misc{web:ambler,
author = {Scott W. Ambler},
title = {Mapping Objects to Relational Databases: O-R Mapping In Detail},
howpublished = {\url{http://www.agiledata.org/essays/mappingObjects.html}} 
}

@BOOK{Gamma1995,
  AUTHOR = {Erich Gamma and Richard Helm and Ralph Johnson and John Vlissides},
  TITLE = {Design Patterns: Elements of Reusable Object-Oriented Software},
  YEAR = 1995,
  PUBLISHER = {{ Addison-Wesley} Publishing Company},
  SERIES = {{ Addison-Wesley} Professional Computing Series},
  ADDRESS = {New York, NY},
  QUERY = {http://www.google.com/search?q=%22Design+Patterns:+Elements+od+Reusable+Object-Oriented+Software%22}
}

@Misc{FowlerIoc,
author = {Martin Fowler},
title={Inversion of Control},
howpublished = {\url{http://martinfowler.com/bliki/InversionOfControl.html}}
}

@Misc{FowlerInjdep,
author = {Martin Fowler},
title={Inversion of Control Containers and the Dependency Injection pattern},
howpublished = {\url{http://martinfowler.com/articles/injection.html}}
}

@Misc{Tygver,
    author = {Trygve Reenskaug},
    title = {Models-Views-Controllers},
    year = {1979},
    howpublished = {\url{http://heim.ifi.uio.no/~trygver/themes/mvc/mvc-index.html}}
}
