@BOOK{1Gamma1995,
  AUTHOR = {Erich Gamma and Richard Helm and Ralph Johnson and John Vlissides},
  TITLE = {Design Patterns: Elements of Reusable Object-Oriented Software},
  YEAR = 1995,
  PUBLISHER = {{ Addison-Wesley} Publishing Company},
  SERIES = {{ Addison-Wesley} Professional Computing Series},
  ADDRESS = {New York, NY},
  QUERY = {http://www.google.com/search?q=%22Design+Patterns:+Elements+od+Reusable+Object-Oriented+Software%22}
}

@BOOK{2malks01:j2ee,
  FILE = {grid.bib},
  AUTHOR = {D. Malks and J. Crupi and D. Alur},
  TITLE = {{Core J2EE Patterns: Best Practices and Design
                  Strategies, 1st Edition}},
  PUBLISHER = {{Prentice Hall / Sun Microsystems Press}},
  YEAR = 2001
}

@BOOK{3john:91,
   author = "J. Johnston",
   year = "1991",
   title = "Econometric Methods",
   publisher = "Mc Graw-Hill",
   address = "New York",
   edition = "3rd",
   kwds = "book, stat, econometrics, regr"
}

@BOOK{4wooldridge,
  author = "J. M. Wooldridge",
  year = "2006",
  title = "Introdução à Econometria",
  publisher = "Thomson",
}

@BOOK{gujarati,
  author = "D. N. Gujarati",
  year = "2000",
  title = "Econometria Básica",
  publisher = "Macron Books",
  edition = "3a"
}

@BOOK{intriligator,
  author = "M.D. Intriligator",
  year = "1978",
  title = "Econometric Models, Techniques and Applications",
  publisher = "Prentice Hall",
}

@BOOK{judge,
  author = "G. Judge and C. Hill and W. Griffiths",
  year = "2000",
  title = "Econometria",
  publisher = "Editora Saraiva",
}

